%
% Archivo de referencias.
% Proyecto Lovelace.
%
% Recursos:
% http://dblp.uni-trier.de/
%

@incollection{modos_de_operacion,
  author    = {Debrup Chakraborty and
               Francisco Rodríguez{-}Henríquez},
  title     = {Block Cipher Modes of Operation from a Hardware
               Implementation Perspective},
  booktitle = {Cryptographic Engineering},
  pages     = {321--363},
  year      = {2009},
  crossref  = {DBLP:books/sp/Koc2009},
  url       = {https://doi.org/10.1007/978-0-387-71817-0_12},
  doi       = {10.1007/978-0-387-71817-0_12},
  timestamp = {Tue, 16 May 2017 14:01:47 +0200},
  biburl    = {http://dblp.org/rec/bib/books/sp/koc09/ChakrabortyR09},
  bibsource = {dblp computer science bibliography, http://dblp.org}
}

@book{DBLP:books/sp/Koc2009,
  editor    = {{\c{C}}etin Kaya Ko{\c{c}}},
  title     = {Cryptographic Engineering},
  publisher = {Springer},
  year      = {2009},
  url       = {https://doi.org/10.1007/978-0-387-71817-0},
  doi       = {10.1007/978-0-387-71817-0},
  isbn      = {978-0-387-71816-3},
  timestamp = {Tue, 16 May 2017 14:01:47 +0200},
  biburl    = {http://dblp.org/rec/bib/books/sp/Koc2009},
  bibsource = {dblp computer science bibliography, http://dblp.org}
}

@book{DBLP:series/isc/DelfsK07,
  author    = {Hans Delfs and
               Helmut Knebl},
  title     = {Introduction to Cryptography - Principles and Applications},
  series    = {Information Security and Cryptography},
  publisher = {Springer},
  year      = {2007},
  url       = {https://doi.org/10.1007/3-540-49244-5},
  doi       = {10.1007/3-540-49244-5},
  isbn      = {978-3-540-49243-6},
  timestamp = {Tue, 16 May 2017 14:24:21 +0200},
  biburl    = {http://dblp.org/rec/bib/series/isc/DelfsK07},
  bibsource = {dblp computer science bibliography, http://dblp.org}
}

% Antes: DBLP:books/crc/MenezesOV96
@book{menezes,
  author    = {Alfred Menezes and
               Paul C. van Oorschot and
               Scott A. Vanstone},
  title     = {Handbook of Applied Cryptography},
  publisher = {{CRC} Press},
  year      = {1996},
  isbn      = {0-8493-8523-7},
  timestamp = {Sun, 05 Feb 2017 17:14:48 +0100},
  biburl    = {http://dblp.org/rec/bib/books/crc/MenezesOV96},
  bibsource = {dblp computer science bibliography, http://dblp.org}
}

@article{unam_introduccion_criptografia,
  author    = {Gibrán Granados Paredes},
  title     = {Introducción a la Criptografía},
  journal   = {DGSCA-UNAM, Revista Digital Universitaria},
  isnn      = {1067-6079},
  volume    = {7},
  number    = {7},
  pages     = {17},
  year      = {2006},
  url       = {http://www.revista.unam.mx/vol.7/num7/art55/jul_art55.pdf}
}

@book{hash_hussein,
  edition   = {1},
  title     = {Handbook of research on threat detection and countermeasures in
               network security},
  publisher = {IGI Global},
  author    = {Al-Hamami, Alaa Hussein and al-Saadoo, Ghossoon M. Waleed},
  year      = {2015}
}

@book{stallings,
  author    = {William Stallings},
  title     = {Cryptography and network security - principles and
               practice {(6.} ed.)},
  publisher = {Pearson},
  year      = {2014},
  isbn      = {978-0-13-335469-0},
  timestamp = {Thu, 07 Apr 2011 16:15:59 +0200},
  biburl    = {http://dblp.org/rec/bib/books/daglib/0008094},
  bibsource = {dblp computer science bibliography, http://dblp.org}
}

@inproceedings{ataque_wep,
  author    = {Scott R. Fluhrer and
               Itsik Mantin and
               Adi Shamir},
  title     = {Weaknesses in the Key Scheduling Algorithm of {RC4}},
  booktitle = {Selected Areas in Cryptography, 8th Annual International
               Workshop, {SAC} 2001 Toronto, Ontario, Canada, August 16-17,
               2001, Revised Papers},
  pages     = {1--24},
  year      = {2001},
  crossref  = {DBLP:conf/sacrypt/2001},
  url       = {https://doi.org/10.1007/3-540-45537-X_1},
  doi       = {10.1007/3-540-45537-X_1},
  timestamp = {Fri, 26 May 2017 14:09:14 +0200},
  biburl    = {http://dblp.org/rec/bib/conf/sacrypt/FluhrerMS01},
  bibsource = {dblp computer science bibliography, http://dblp.org}
}

@proceedings{DBLP:conf/sacrypt/2001,
  editor    = {Serge Vaudenay and
               Amr M. Youssef},
  title     = {Selected Areas in Cryptography, 8th Annual International
               Workshop, {SAC} 2001 Toronto, Ontario, Canada, August 16-17,
               2001, Revised Papers},
  series    = {Lecture Notes in Computer Science},
  volume    = {2259},
  publisher = {Springer},
  year      = {2001},
  url       = {https://doi.org/10.1007/3-540-45537-X},
  doi       = {10.1007/3-540-45537-X},
  isbn      = {3-540-43066-0},
  timestamp = {Fri, 26 May 2017 14:09:14 +0200},
  biburl    = {http://dblp.org/rec/bib/conf/sacrypt/2001},
  bibsource = {dblp computer science bibliography, http://dblp.org}
}

@book{hash_gupta,
  place     = {Delhi},
  title     = {Cryptography and Network Security},
  publisher = {PHI Learning},
  author    = {Gupta, Prakash C.},
  year      = {2015}
}

@book{mac_patel,
  place     = {New Delhi},
  title     = {Information security - Theory and Practice},
  publisher = {Prentice-Hall of India},
  author    = {Patel, Dhiren R.},
  year      = {2008}
}

@book{alan_konheim,
  author    = {Alan G. Konheim},
  title     = {Computer Security and Cryptography},
  publisher = {Wiley},
  year      = {2007},
  isbn      = {978-0-471-94783-7}
}

@incollection{resultados_estream_2,
  author    = {Christophe De Canni{\`{e}}re and
               Bart Preneel},
  title     = {Trivium},
  booktitle = {New Stream Cipher Designs - The eSTREAM Finalists},
  pages     = {244--266},
  year      = {2008},
  crossref  = {resultados_estream_1},
  url       = {https://doi.org/10.1007/978-3-540-68351-3_18},
  doi       = {10.1007/978-3-540-68351-3_18},
  timestamp = {Fri, 09 Jun 2017 11:04:34 +0200},
  biburl    = {http://dblp.org/rec/bib/series/lncs/CanniereP08},
  bibsource = {dblp computer science bibliography, http://dblp.org}
}

@book{resultados_estream_1,
  editor    = {Matthew J. B. Robshaw and
               Olivier Billet},
  title     = {New Stream Cipher Designs - The eSTREAM Finalists},
  series    = {Lecture Notes in Computer Science},
  volume    = {4986},
  publisher = {Springer},
  year      = {2008},
  url       = {https://doi.org/10.1007/978-3-540-68351-3},
  doi       = {10.1007/978-3-540-68351-3},
  isbn      = {978-3-540-68350-6},
  timestamp = {Fri, 09 Jun 2017 11:04:34 +0200},
  biburl    = {http://dblp.org/rec/bib/series/lncs/4986},
  bibsource = {dblp computer science bibliography, http://dblp.org}
}

@article{estream_portafolio,
  author    = {Steve Babbage and Christophe De Cannière and Anne Canteaut
               and Carlos Cid and Henri Gilbert and Thomas Johansson and
               Matthew Parker and Bart Preneel and Vincent Rijmen and
               Matthew Robshaw},
  title     = {The eSTREAM Portfolio (rev. 1)},
  publisher = {ECRYPT},
  year      = {2008},
  url       = {http://www.ecrypt.eu.org/stream/portfolio_revision1.pdf}
}

@misc{pci_tokens,
  author    = {{Payment Card Industry Security Standards Council}},
  title     = {Tokenization Product Security Guidelines – Irreversible and
               Reversible Tokens},
  year      = {2015},
  url       = {https://www.pcisecuritystandards.org/documents/Tokenization_Product_Security_Guidelines.pdf}
}

@misc{pci_dss,
  author    = {{Payment Card Industry Security Standards Council}},
  title     = {Data Security Standard - Version 3.2},
  year      = {2016},
  url       = {https://www.pcisecuritystandards.org/documents/pci_dss_v3-2.pdf}
}

@misc{dss_glosario,
  author    = {{Payment Card Industry Security Standards Council}},
  title     = {Data Security Standard ({DSS}) and Payment Application Data
               Security Standard (PA-DSS) - Glossary of Terms, Abbreviations,
               and Acronyms - Version 1.2},
  year      = {2008},
  url       = {https://www.pcisecuritystandards.org/pdfs/pci_dss_glossary.pdf}
}

@misc{dss_pa,
  author    = {{Payment Card Industry Security Standards Council}},
  title     = {Payment Application Data Security Standard - Requirements and
               Security Assessment Procedures - Version 3.0},
  year      = {2013},
  url       = {https://www.pcisecuritystandards.org/minisite/en/docs/PA-DSS_v3.pdf}
}

@article{doc_sandra,
  author    = {Sandra Diaz{-}Santiago and
               Lil María Rodríguez{-}Henríquez and
               Debrup Chakraborty},
  title     = {A cryptographic study of tokenization systems},
  journal   = {Int. J. Inf. Sec.},
  volume    = {15},
  number    = {4},
  pages     = {413--432},
  year      = {2016},
  url       = {https://doi.org/10.1007/s10207-015-0313-x},
  doi       = {10.1007/s10207-015-0313-x},
  timestamp = {Sat, 16 Sep 2017 12:07:03 +0200},
  biburl    = {http://dblp.org/rec/bib/journals/ijisec/Diaz-SantiagoRC16},
  bibsource = {dblp computer science bibliography, http://dblp.org}
}

@article{shannon_teoria,
  author    = {Claude E. Shannon},
  title     = {Communication theory - Exposition of fundamentals},
  journal   = {Trans. of the {IRE} Professional Group
               on Information Theory {(TIT)}},
  volume    = {1},
  pages     = {44--47},
  year      = {1953},
  url       = {https://doi.org/10.1109/TIT.1953.1188568},
  doi       = {10.1109/TIT.1953.1188568},
  timestamp = {Sun, 28 May 2017 13:18:38 +0200},
  biburl    = {http://dblp.org/rec/bib/journals/tit/Shannon53},
  bibsource = {dblp computer science bibliography, http://dblp.org}
}

@article{diffie_hellman,
  author    = {Whitfield Diffie and
               Martin E. Hellman},
  title     = {New directions in cryptography},
  journal   = {{IEEE} Trans. Information Theory},
  volume    = {22},
  number    = {6},
  pages     = {644--654},
  year      = {1976},
  url       = {https://doi.org/10.1109/TIT.1976.1055638},
  doi       = {10.1109/TIT.1976.1055638},
  timestamp = {Sun, 28 May 2017 13:18:48 +0200},
  biburl    = {http://dblp.org/rec/bib/journals/tit/DiffieH76},
  bibsource = {dblp computer science bibliography, http://dblp.org}
}

@article{rsa_publicacion,
  author    = {Ronald L. Rivest and
               Adi Shamir and
               Leonard M. Adleman},
  title     = {A Method for Obtaining Digital Signatures and Public-Key
               Cryptosystems},
  journal   = {Commun. {ACM}},
  volume    = {21},
  number    = {2},
  pages     = {120--126},
  year      = {1978},
  url       = {http://doi.acm.org/10.1145/359340.359342},
  doi       = {10.1145/359340.359342},
  timestamp = {Tue, 07 Jun 2011 16:51:11 +0200},
  biburl    = {http://dblp.org/rec/bib/journals/cacm/RivestSA78},
  bibsource = {dblp computer science bibliography, http://dblp.org}
}

@misc{nist_aleatorios,
  author    = {Elaine Barker and John Kelsey},
  title     = {{NIST} Special Publication 800-90A - Recommendation for Random
               Number Generation Using Deterministic Random Bit Generators},
  year      = {2015},
  url       = {http://dx.doi.org/10.6028/NIST.SP.800-90Ar1}
}

@misc{nist_llaves,
  author    = {Elaine Barker},
  title     = {{NIST} Special Publication 800-57 - Recommendation for Key
               Management},
  year      = {2016},
  url       = {http://dx.doi.org/10.6028/NIST.SP.800-57pt1r4}
}

@misc{nist_disenio_llaves,
  author    = {Elaine Barker and
               Miles Smid and
               Dennis Branstad and
               Santosh Chokhani},
  title     = {{NIST} Special Publication 800-130 - A Framework for Designing
               Cryptographic Key Management Systems},
  year      = {2013},
  url       = {http://dx.doi.org/10.6028/NIST.SP.800-130}
}

@misc{nist_derivacion_llaves,
  author    = {Lily Chen},
  title     = {{NIST} Special Publication 800-108 - Recommendation for Key
               Derivation Using Pseudorandom Functions},
  year      = {2009},
  url       = {http://nvlpubs.nist.gov/nistpubs/Legacy/SP/nistspecial-publication800-108.pdf}
}

@misc{nist_creacion_llaves,
  author    = {Elaine Barker and
               Allen Roginsky},
  title     = {{NIST} Special Publication 800-133 - Recommendation for
               Cryptographic Key Generation},
  year      = {2012},
  url       = {http://dx.doi.org/10.6028/NIST.SP.800-133}
}

@misc{nist_pruebas,
  author    = {Andrew Rukhin and Juan Soto and
               James Nechvatal and Miles Smid and
               Elaine Barker and Stefan Leigh and
               Mark Levenson and Mark Vangel and
               David Banks and Alan Heckert and
               James Dray and San Vo},
  title     = {{NIST} Special Publication 800-22 Revision 1a - A Statistical Test
               Suite for Random and Pseudorandom Number Generators for
               Cryptographic Applications},
  year      = {2010},
  url       = {https://nvlpubs.nist.gov/nistpubs/legacy/sp/nistspecialpublication800-22r1a.pdf}
}

@misc{nist_modulos_criptograficos,
  author    = {Information Technology Laboratory National Institute of
               Standards and Technology},
  title     = {{FIPS PUB} 140-2 - Security Requirements for cryotographic
               modules},
  year      = {2001},
  url       = {https://csrc.nist.gov/csrc/media/publications/fips/140/2/final/documents/fips1402.pdf}
}

@misc{nist_fpe,
  author    = {Morris Dworkin},
  title     = {{NIST} Special Publication 800-38G - Recommendation for Block
               Cipher Modes of Operation: Methods for Format-Preserving
               Encryption},
  year      = {2016},
  url       = {http://dx.doi.org/10.6028/NIST.SP.800-38G}
}

@article{aragona,
  author    = {Riccardo Aragona and
               Riccardo Longo and
               Massimiliano Sala},
  title     = {Several proofs of security for a tokenization algorithm},
  journal   = {Appl. Algebra Eng. Commun. Comput.},
  volume    = {28},
  number    = {5},
  pages     = {425--436},
  year      = {2017},
  url       = {https://doi.org/10.1007/s00200-017-0313-3},
  doi       = {10.1007/s00200-017-0313-3},
  timestamp = {Mon, 20 Nov 2017 16:24:49 +0100},
  biburl    = {http://dblp.org/rec/bib/journals/aaecc/AragonaLS17},
  bibsource = {dblp computer science bibliography, http://dblp.org}
}

@inproceedings{tweaks,
  author    = {Moses Liskov and
               Ronald L. Rivest and
               David A. Wagner},
  title     = {Tweakable Block Ciphers},
  booktitle = {Advances in Cryptology - {CRYPTO} 2002, 22nd Annual
               International Cryptology Conference, Santa Barbara, California,
               USA, August 18-22, 2002, Proceedings},
  pages     = {31--46},
  year      = {2002},
  crossref  = {DBLP:conf/crypto/2002},
  url       = {https://doi.org/10.1007/3-540-45708-9_3},
  doi       = {10.1007/3-540-45708-9_3},
  timestamp = {Wed, 14 Jun 2017 15:21:25 +0200},
  biburl    = {http://dblp.org/rec/bib/conf/crypto/LiskovRW02},
  bibsource = {dblp computer science bibliography, http://dblp.org}
}

@proceedings{DBLP:conf/crypto/2002,
  editor    = {Moti Yung},
  title     = {Advances in Cryptology - {CRYPTO} 2002, 22nd Annual
               International Cryptology Conference, Santa Barbara, California,
               USA, August 18-22, 2002, Proceedings},
  series    = {Lecture Notes in Computer Science},
  volume    = {2442},
  publisher = {Springer},
  year      = {2002},
  url       = {https://doi.org/10.1007/3-540-45708-9},
  doi       = {10.1007/3-540-45708-9},
  isbn      = {3-540-44050-X},
  timestamp = {Fri, 26 May 2017 14:09:15 +0200},
  biburl    = {http://dblp.org/rec/bib/conf/crypto/2002},
  bibsource = {dblp computer science bibliography, http://dblp.org}
}

% Que mal... «institution» está demasiado largo.
@thesis{cifradores_de_disco,
  author    = {Cuauhtémoc Mancillas López},
  title     = {Studies on Disk Encryption},
  year      = {2013},
  institution = {Centro de Investigación y Estudios Avanzados del
                 Instituto Politécnico Nacional}
}

@inproceedings{ocb_modo,
  author    = {Phillip Rogaway and
               Mihir Bellare and
               John Black and
               Ted Krovetz},
  title     = {{OCB:} a block-cipher mode of operation for efficient
               authenticated encryption},
  booktitle = {{CCS} 2001, Proceedings of the 8th {ACM} Conference on Computer
               and Communications Security, Philadelphia, Pennsylvania, USA,
               November 6-8, 2001.},
  pages     = {196--205},
  year      = {2001},
  crossref  = {DBLP:conf/ccs/2001},
  url       = {http://doi.acm.org/10.1145/501983.502011},
  doi       = {10.1145/501983.502011},
  timestamp = {Thu, 01 Jun 2017 18:58:59 +0200},
  biburl    = {http://dblp.org/rec/bib/conf/ccs/RogawayBBK01},
  bibsource = {dblp computer science bibliography, http://dblp.org}
}

@proceedings{DBLP:conf/ccs/2001,
  editor    = {Michael K. Reiter and
               Pierangela Samarati},
  title     = {{CCS} 2001, Proceedings of the 8th {ACM} Conference on Computer
               and Communications Security, Philadelphia, Pennsylvania, USA,
               November 6-8, 2001},
  publisher = {{ACM}},
  year      = {2001},
  url       = {http://dl.acm.org/citation.cfm?id=501983},
  isbn      = {1-58113-385-5},
  timestamp = {Fri, 09 Dec 2011 14:34:06 +0100},
  biburl    = {http://dblp.org/rec/bib/conf/ccs/2001},
  bibsource = {dblp computer science bibliography, http://dblp.org}
}

@inproceedings{DBLP:conf/stoc/BeaverMR90,
  author    = {Donald Beaver and
               Silvio Micali and
               Phillip Rogaway},
  title     = {The Round Complexity of Secure Protocols (Extended Abstract)},
  booktitle = {Proceedings of the 22nd Annual {ACM} Symposium on Theory of
               Computing, May 13-17, 1990, Baltimore, Maryland, {USA}},
  pages     = {503--513},
  year      = {1990},
  crossref  = {DBLP:conf/stoc/STOC22},
  url       = {http://doi.acm.org/10.1145/100216.100287},
  doi       = {10.1145/100216.100287},
  timestamp = {Mon, 17 Oct 2011 17:25:06 +0200},
  biburl    = {http://dblp.org/rec/bib/conf/stoc/BeaverMR90},
  bibsource = {dblp computer science bibliography, http://dblp.org}
}

@proceedings{DBLP:conf/stoc/STOC22,
  editor    = {Harriet Ortiz},
  title     = {Proceedings of the 22nd Annual {ACM} Symposium on Theory of
               Computing, May 13-17, 1990, Baltimore, Maryland, {USA}},
  publisher = {{ACM}},
  year      = {1990},
  isbn      = {0-89791-361-2},
  timestamp = {Mon, 17 Oct 2011 15:55:10 +0200},
  biburl    = {http://dblp.org/rec/bib/conf/stoc/STOC22},
  bibsource = {dblp computer science bibliography, http://dblp.org}
}

@misc{sinopsis_rogaway,
  author    = {Phillip Rogaway},
  title     = {A Synopsis of Format-Preserving Encryption},
  year      = {2010},
  url       = {http://web.cs.ucdavis.edu/~rogaway/papers/synopsis.pdf}
}

@inproceedings{DBLP:conf/fse/SchneierK96,
  author    = {Bruce Schneier and
               John Kelsey},
  title     = {Unbalanced Feistel Networks and Block Cipher Design},
  booktitle = {Fast Software Encryption, Third International Workshop, Cambridge,
               UK, February 21-23, 1996, Proceedings},
  pages     = {121--144},
  year      = {1996},
  crossref  = {DBLP:conf/fse/1996},
  url       = {https://doi.org/10.1007/3-540-60865-6_49},
  doi       = {10.1007/3-540-60865-6_49},
  timestamp = {Mon, 22 May 2017 16:14:07 +0200},
  biburl    = {http://dblp.org/rec/bib/conf/fse/SchneierK96},
  bibsource = {dblp computer science bibliography, http://dblp.org}
}

@proceedings{DBLP:conf/fse/1996,
  editor    = {Dieter Gollmann},
  title     = {Fast Software Encryption, Third International Workshop, Cambridge,
               UK, February 21-23, 1996, Proceedings},
  series    = {Lecture Notes in Computer Science},
  volume    = {1039},
  publisher = {Springer},
  year      = {1996},
  url       = {https://doi.org/10.1007/3-540-60865-6},
  doi       = {10.1007/3-540-60865-6},
  isbn      = {3-540-60865-6},
  timestamp = {Mon, 22 May 2017 16:14:07 +0200},
  biburl    = {http://dblp.org/rec/bib/conf/fse/1996},
  bibsource = {dblp computer science bibliography, http://dblp.org}
}

@inproceedings{DBLP:conf/fse/AndersonB96a,
  author    = {Ross J. Anderson and
               Eli Biham},
  title     = {Two Practical and Provably Secure Block Ciphers: {BEARS} and {LION}},
  booktitle = {Fast Software Encryption, Third International Workshop, Cambridge,
               UK, February 21-23, 1996, Proceedings},
  pages     = {113--120},
  year      = {1996},
  crossref  = {DBLP:conf/fse/1996},
  url       = {https://doi.org/10.1007/3-540-60865-6_48},
  doi       = {10.1007/3-540-60865-6_48},
  timestamp = {Mon, 22 May 2017 16:14:07 +0200},
  biburl    = {http://dblp.org/rec/bib/conf/fse/AndersonB96a},
  bibsource = {dblp computer science bibliography, http://dblp.org}
}

@inproceedings{DBLP:conf/fse/Lucks96,
  author    = {Stefan Lucks},
  title     = {Faster Luby-Rackoff Ciphers},
  booktitle = {Fast Software Encryption, Third International Workshop, Cambridge,
               UK, February 21-23, 1996, Proceedings},
  pages     = {189--203},
  year      = {1996},
  crossref  = {DBLP:conf/fse/1996},
  url       = {https://doi.org/10.1007/3-540-60865-6_53},
  doi       = {10.1007/3-540-60865-6_53},
  timestamp = {Mon, 22 May 2017 16:14:07 +0200},
  biburl    = {http://dblp.org/rec/bib/conf/fse/Lucks96},
  bibsource = {dblp computer science bibliography, http://dblp.org}
}

@article{bps,
  title     = {{BPS}: a Format-Preserving Encryption Proposal},
  author    = {Eric Brier and Thomas Peyrin and Jacques Stern},
  note      = {Presentado al {NIST} para estandarización},
  year      = {2010}
}

% TODO: ¿Cómo le digo a bibtex que es una propuesta enviada al NIST?
% En donde los citan, así aparece.
% ...
% Manuscript (standars proposal) submitted to NIST.

@article{ffx_1,
  author   = {Mihir Bellare and
              Phillip Rogaway and
              Terence Spies},
  title    = {The {FFX} Mode of Operation for Format-Preserving Encryption},
  note     = {Presentado al {NIST} para estandarización},
  version  = {1.0},
  year     = {2009}
}

@article{ffx_2,
  author   = {Mihir Bellare and
              Phillip Rogaway and
              Terence Spies},
  title    = {The {FFX} Mode of Operation for Format-Preserving Encryption},
  note     = {Presentado al {NIST} para estandarización},
  note     = {Prueba},
  version  = {1.1},
  year     = {2010}
}

@book{iso_7812,
  title       = {{ISO/IEC} 7812},
  institution = {{ISO}},
  author      = {{International Organization for
                 Standarization}},
  year        = {2017},
  edition     = {5},
  pages       = {7},
  url         = {https://www.iso.org/standard/70484.html}
}

@book{iso_9362,
  title       = {{ISO} 9362},
  institution = {{ISO}},
  author      = {{International Organization for Standardization}},
  year        = {2014},
  pages       = {6},
  edition     = {4},
  url         = {https://www.iso.org/standard/60390.html}
}

@book{pci_definitive_guide,
  title       = {PCI compliance: The Definitive Guide},
  publisher   = {CRC Press},
  author      = {Abhay Bhargav},
  year        = {2015}
}

@book{DBLP:books/aw/Knuth69,
  author    = {Donald E. Knuth},
  title     = {The Art of Computer Programming, Volume {II:} Seminumerical
               Algorithms},
  publisher = {Addison-Wesley},
  year      = {1969},
  url       = {http://www.worldcat.org/oclc/310551264},
  isbn      = {0201038021},
  timestamp = {Thu, 27 Apr 2017 17:32:54 +0200},
  biburl    = {https://dblp.org/rec/bib/books/aw/Knuth69},
  bibsource = {dblp computer science bibliography, https://dblp.org}
}

@book{DBLP:books/daglib/0019905,
  author    = {Grady Booch and
               Robert A. Maksimchuk and
               Michael W. Engle and
               Bobbi J. Young and
               Jim Conallen},
  title     = {Object-oriented analysis and design with applications, Third Edition},
  series    = {Addison Wesley object technology series},
  publisher = {Addison-Wesley},
  year      = {2007},
  isbn      = {978-0-201-89551-3},
  timestamp = {Wed, 25 Mar 2015 11:31:05 +0100},
  biburl    = {https://dblp.org/rec/bib/books/daglib/0019905},
  bibsource = {dblp computer science bibliography, https://dblp.org}
}

@book{DBLP:books/lib/Sommerville07,
  author    = {Ian Sommerville},
  title     = {Software engineering, 8th Edition},
  series    = {International computer science series},
  publisher = {Addison-Wesley},
  year      = {2007},
  url       = {http://www.worldcat.org/oclc/65978675},
  isbn      = {9780321313799},
  timestamp = {Wed, 26 Apr 2017 17:48:08 +0200},
  biburl    = {https://dblp.org/rec/bib/books/lib/Sommerville07},
  bibsource = {dblp computer science bibliography, https://dblp.org}
}

@misc{wallethub,
  author       = {John S. Kiernan},
  title        = {Credit Card And Debit Card Fraud Statistics},
  note         = {Consultado en marzo de 2018},
  howpublished = {\url{https://wallethub.com/
                       edu/credit-debit-card-fraud-statistics/25725/}}
}

@misc{creditcards,
  author       = {Jason Steele},
  title        = {Credit card fraud and ID theft statistics},
  note         = {Consultado en octubre de 2018},
  howpublished = {\url{https://www.creditcards.com/credit-card-news/
                      credit-card-security-id-theft-fraud-statistics-1276.php}}
}

@misc{uk_association,
  author       = {{UK Cards Association}},
  title        = {What is {PCI DSS}?},
  note         = {Consultado en febrero de 2018},
  howpublished = {\url{http://www.theukcardsassociation.org.uk/security/
                       What_is_PCI\%20DSS.asp}}
}

@misc{search_security,
  author       = {{SearchSecurity Staff}},
  title        = {The history of the {PCI DSS} standard: A visual timeline},
  note         = {Consultado en marzo de 2018},
  howpublished = {\url{https://searchsecurity.techtarget.com/
                       feature/The-history-of-the-PCI-DSS-standard-
                       A-visual-timeline}}
}

@misc{shif4_uno,
  author       = {{Shift4 Payments}},
  title        = {The History of TrueTokenization},
  note         = {Consultado en agosto de 2018},
  howpublished = {\url{https://www.shift4.com/dotn/4tify/trueTokenization.cfm}}
}

@misc{shif4_dos,
  author       = {{Shift4 Payments}},
  title        = {Tried and True Tokenization: The Original Tokenization
                  Solution for Card Data Security},
  note         = {Consultado en marzo de 2018},
  howpublished = {\url{https://www.shift4.com/pdf/Shift4-TrueTokenization.pdf}}
}

@misc{braintree_uno,
  author      = {Braintree},
  title       = {Tokenization Secures {CC} Data and Meet {PCI} Compliance
                 Requirements},
  note        = {Consultado en marzo de 2018},
  howpublished = {\url{https://www.braintreepayments.com/blog/
                       using-tokenization-to-secure-credit-card-data-
                       and-meet-pci-compliance-requirements/}}
}

@misc{bitcoin,
  author    = {Satoshi Nakamoto},
  title     = {Bitcoin: A Peer-to-Peer Electronic Cash System},
  year      = {2009},
  url       = {https://bitcoin.org/bitcoin.pdf}
}

@article{DBLP:journals/iacr/BhattacherjeeS17,
  author    = {Sanjay Bhattacherjee and
               Palash Sarkar},
  title     = {Cryptocurrency Voting Games},
  journal   = {{IACR} Cryptology ePrint Archive},
  volume    = {2017},
  pages     = {1167},
  year      = {2017},
  url       = {http://eprint.iacr.org/2017/1167},
  timestamp = {Mon, 19 Mar 2018 14:21:51 +0100},
  biburl    = {https://dblp.org/rec/bib/journals/iacr/BhattacherjeeS17},
  bibsource = {dblp computer science bibliography, https://dblp.org}
}

@book{codebreakers,
  author    = {David Khan},
  title     = {The Codebreakers: A Comprehensive History of Secret
               Communication from Ancient Times to the Internet},
  publisher = {Scribner},
  year      = {1996},
  location  = {Nueva York}
}

@book{simon_singht,
  author    = {Simon Singh},
  title     = {The Code Book: How to Make It, Break It, Hack It, Crack it},
  publisher = {Delacorte Press},
  year      = {2001},
  location  = {Nueva York},
  isbn      = {0-375-89012-2}
}

@misc{bluepay_tokenshield,
  author       = {{BluePay Processing, LLC}},
  title        = {What you need to know about tokenization technology and
                  BluePay’s TokenShield},
  note         = {Consultado en marzo de 2018},
  publisher    = {BluePay Processing, LLC},
  howpublished = {\url{https://www.bluepay.com/infographic/tokenization/}}
}

@misc{merchant_link,
  author       = {{MerchantLink}},
  title        = {TransactionVault Tokenization},
  note         = {Consultado en marzo de 2018},
  publisher    = {MerchantLink},
  howpublished = {\url{http://www.merchantlink.com/solutions/
                       products/transactionvault/}}
}

@misc{jack_henry,
  author       = {Jack Henry \& Associates Inc.},
  title        = {Card Processing Solutions For Jack Henry Banks},
  note         = {Consultado en marzo de 2018},
  publisher    = {Jack Henry & Associates Inc.},
  howpublished = {\url{https://www.jackhenry.com/jha-payment-solutions/
                       cps-jack-henry-banks/pages/tokenization.aspx}}
}

@misc{mdes_1,
  author       = {MasterCard},
  title        = {Digital Commerce Solutions},
  note         = {Consultado en marzo de 2018},
  publisher    = {MasterCard},
  howpublished = {\url{https://www.mastercard.us/en-us/issuers/
                       products-and-solutions/grow-manage-your-business/
                       digital-commerce-solutions.html}}
}

@misc{mdes_2,
  author       = {MasterCard},
  title        = {Frequently Asked Questions},
  note         = {Consultado en marzo de 2018},
  publisher    = {MasterCard},
  howpublished = {\url{https://www.mastercard.us/en-us/
                       frequently-asked-questions.html\#tokenization}}
}

@misc{securosis,
  author       = {Securosis},
  title        = {Understanding and Selecting a Tokenization Solution},
  note         = {Consultado en febrero de 2018},
  howpublished = {\url{https://securosis.com/assets/library/reports/
                       Securosis_Understanding_Tokenization_V.1_.0_.pdf}}
}

@misc{sdl,
  author       = {{Microsoft}},
  title        = {Security Development Lifecycle},
  note         = {Consultado en enero de 2008},
  howpublished = {\url{https://www.microsoft.com/en-us/sdl/default.aspx}}
}

@inproceedings{DBLP:conf/fc/CachinCFL17,
  author    = {Christian Cachin and
               Jan Camenisch and
               Eduarda Freire{-}St{\"{o}}gbuchner and
               Anja Lehmann},
  title     = {Updatable Tokenization: Formal Definitions and Provably Secure Constructions},
  booktitle = {Financial Cryptography and Data Security - 21st International Conference,
               {FC} 2017, Sliema, Malta, April 3-7, 2017, Revised Selected Papers},
  pages     = {59--75},
  year      = {2017},
  crossref  = {DBLP:conf/fc/2017},
  url       = {https://doi.org/10.1007/978-3-319-70972-7_4},
  doi       = {10.1007/978-3-319-70972-7_4},
  timestamp = {Tue, 02 Jan 2018 13:52:22 +0100},
  biburl    = {https://dblp.org/rec/bib/conf/fc/CachinCFL17},
  bibsource = {dblp computer science bibliography, https://dblp.org}
}

@misc{aesni_wp,
  author       = {Gael Hofemeier and
                  Robert Chesebrough},
  title        = {Introduction to Intel {AES-NI} and
                  Intel Secure Key Instructions},
  date         = {2014},
  note         = {Consultado en abril de 2018},
  howpublished = {\url{https://software.intel.com/sites/default/files/
         m/d/4/1/d/8/Introduction_to_Intel_Secure_Key_Instructions.pdf}}
}

@inproceedings{DBLP:conf/sacrypt/BellareRRS09,
  author    = {Mihir Bellare and
               Thomas Ristenpart and
               Phillip Rogaway and
               Till Stegers},
  title     = {Format-Preserving Encryption},
  booktitle = {Selected Areas in Cryptography, 16th Annual International
               Workshop, {SAC} 2009, Calgary, Alberta, Canada, August 13-14,
               2009, Revised Selected Papers},
  pages     = {295--312},
  year      = {2009},
  crossref  = {DBLP:conf/sacrypt/2009},
  url       = {https://doi.org/10.1007/978-3-642-05445-7_19},
  doi       = {10.1007/978-3-642-05445-7_19},
  timestamp = {Tue, 26 Jun 2018 14:11:05 +0200},
  biburl    = {https://dblp.org/rec/bib/conf/sacrypt/BellareRRS09},
  bibsource = {dblp computer science bibliography, https://dblp.org}
}

@proceedings{DBLP:conf/sacrypt/2009,
  editor    = {Michael J. Jacobson Jr. and
               Vincent Rijmen and
               Reihaneh Safavi{-}Naini},
  title     = {Selected Areas in Cryptography, 16th Annual International
               Workshop, {SAC} 2009, Calgary, Alberta, Canada, August 13-14,
               2009, Revised Selected Papers},
  series    = {Lecture Notes in Computer Science},
  volume    = {5867},
  publisher = {Springer},
  year      = {2009},
  url       = {https://doi.org/10.1007/978-3-642-05445-7},
  doi       = {10.1007/978-3-642-05445-7},
  isbn      = {978-3-642-05443-3},
  timestamp = {Sun, 21 May 2017 00:19:13 +0200},
  biburl    = {https://dblp.org/rec/bib/conf/sacrypt/2009},
  bibsource = {dblp computer science bibliography, https://dblp.org}
}

@article{DBLP:journals/rfc/rfc4648,
  author    = {Simon Josefsson},
  title     = {The Base16, Base32, and Base64 Data Encodings},
  journal   = {{RFC}},
  volume    = {4648},
  pages     = {1--18},
  year      = {2006},
  url       = {https://doi.org/10.17487/RFC4648},
  doi       = {10.17487/RFC4648},
  timestamp = {Tue, 28 Nov 2017 13:58:46 +0100},
  biburl    = {https://dblp.org/rec/bib/journals/rfc/rfc4648},
  bibsource = {dblp computer science bibliography, https://dblp.org}
}

@book{DBLP:books/crc/AU1992,
  author    = {Alfred V. Aho and
               Jeffrey D. Ullman},
  title     = {Foundations of Computer Science, {C} Edition},
  publisher = {Computer Science Press / W. H. Freeman},
  year      = {1992},
  url       = {http://i.stanford.edu/\%7Eullman/focs.html},
  isbn      = {0716782332},
  timestamp = {Tue, 16 May 2017 17:36:01 +0200},
  biburl    = {https://dblp.org/rec/bib/books/crc/AU1992},
  bibsource = {dblp computer science bibliography, https://dblp.org}
}

@book{minsky,
  author    = {Marvin Minsky},
  title     = {Computation: finite and infinite machines},
  publisher = {Prentice-Hal},
  year      = {1967}
}

@misc{mozilla_er,
  author       = {{Mozilla Foundation}},
  title        = {Regular Expressions},
  note         = {Consultado en agosto de 2018},
  howpublished = {\url{https://developer.mozilla.org/en-US/docs/Web/
                       JavaScript/Guide/Regular_Expressions}}
}

@book{DBLP:books/daglib/0023088,
  author    = {Melanie Mitchell},
  title     = {Complexity - {A} Guided Tour},
  publisher = {Oxford University Press},
  year      = {2009},
  url       = {http://ukcatalogue.oup.com/product/9780195124415.do},
  isbn      = {978-0-19-512441-5},
  timestamp = {Sun, 07 May 2017 11:58:49 +0200},
  biburl    = {https://dblp.org/rec/bib/books/daglib/0023088},
  bibsource = {dblp computer science bibliography, https://dblp.org}
}

@book{DBLP:books/daglib/0032222,
  author    = {Martin D. Davis},
  title     = {Computability and Unsolvability},
  series    = {McGraw-Hill Series in Information Processing and Computers},
  publisher = {McGraw-Hill},
  year      = {1958},
  timestamp = {Fri, 08 Nov 2013 14:46:31 +0100},
  biburl    = {https://dblp.org/rec/bib/books/daglib/0032222},
  bibsource = {dblp computer science bibliography, https://dblp.org}
}

@article{DBLP:journals/rfc/rfc5322,
  author    = {Peter W. Resnick},
  title     = {Internet Message Format},
  journal   = {{RFC}},
  volume    = {5322},
  pages     = {1--57},
  year      = {2008},
  url       = {https://doi.org/10.17487/RFC5322},
  doi       = {10.17487/RFC5322},
  timestamp = {Wed, 29 Nov 2017 14:45:06 +0100},
  biburl    = {https://dblp.org/rec/bib/journals/rfc/rfc5322},
  bibsource = {dblp computer science bibliography, https://dblp.org}
}
